@misc{TF2,
  author = {Valve},
  title = {{Team Fortress 2}},
  howpublished = "\url{http://teamfortress.com}"
}

@inproceedings{vines2015rook,
  title={Rook: Using video games as a low-bandwidth censorship resistant communication platform},
  author={Vines, Paul and Kohno, Tadayoshi},
  booktitle={Proceedings of the 14th ACM Workshop on Privacy in the Electronic Society},
  pages={75--84},
  year={2015},
  organization={ACM}
}

@article{DBLP:journals/corr/OordDZSVGKSK16,
  author    = {A{\"{a}}ron van den Oord and
               Sander Dieleman and
               Heiga Zen and
               Karen Simonyan and
               Oriol Vinyals and
               Alex Graves and
               Nal Kalchbrenner and
               Andrew W. Senior and
               Koray Kavukcuoglu},
  title     = {WaveNet: {A} Generative Model for Raw Audio},
  journal   = {CoRR},
  volume    = {abs/1609.03499},
  year      = {2016},
  url       = {http://arxiv.org/abs/1609.03499},
  archivePrefix = {arXiv},
  eprint    = {1609.03499},
  timestamp = {Wed, 07 Jun 2017 14:42:54 +0200},
  biburl    = {https://dblp.org/rec/bib/journals/corr/OordDZSVGKSK16},
  bibsource = {dblp computer science bibliography, https://dblp.org}
}

@techreport{Parberry2014TREngage,
  author = {Timothy McMahan and Ian Parberry and Thomas D. Parsons},
  title = {Evaluating Electroencephalography Engagement Indices During Video Game Play},
  institution = {Laboratory for Recreational Computing, Dept. of Computer Science \&
	Engineering, Univ.\ of North Texas},
  number = {LARC--2015--03},
  year = {2015},
  month={February},
 }

@techreport{Parberry2015TRSokoStroop,
  author = {Joshua Taylor and Thomas D. Parsons and Ian Parberry},
  title = {Comparing Player Attention on Procedurally Generated vs. Hand Crafted {S}okoban Levels with an Auditory {S}troop Test},
  institution = {Laboratory for Recreational Computing, Dept. of Computer Science \&
	Engineering, Univ.\ of North Texas},
  number = {LARC--2015--02},
  year = {2015},
  month={February},
 }

@techreport{Parberry2015TRQuestGen,
  author = {Jonathon Doran and Ian Parberry},
  title = {A Server-Side Framework for the Execution of Procedurally Generated Quests in an {MMORPG}},
  institution = {Laboratory for Recreational Computing, Dept. of Computer Science \&
	Engineering, Univ.\ of North Texas},
  number = {LARC--2015--01},
  year = {2015},
  month={February},
 }

@techreport{Parberry2014TR4,
  author = {Parberry, Ian},
  title = {Tobler's First Law of Geography, Self Similarity, and {P}erlin Noise: {A} Large Scale Analysis of Gradient Distribution in Southern {U}tah with Application to Procedural Terrain Generation},
  institution = {Laboratory for Recreational Computing, Dept. of Computer Science \& Engineering, Univ.\ of North Texas},
  number = {LARC--2014--04},
  year = {2014},
  month={June},
 }

@techreport{Parberry2014TR3,
  author = {Timothy McMahan and Thomas D. Parsons and Ian Parberry},
  title = {Modality Specific Assessment of Video Game Player's Cognitive Workload Using Off-the-Shelf Electroencephalographic Technologies},
  institution = {Laboratory for Recreational Computing, Dept. of Computer Science \&
	Engineering, Univ.\ of North Texas},
  number = {LARC--2014--03},
  year = {2014},
  month={April},
 }

@techreport{Parberry2014TR1,
  author = {Parberry, Ian},
  title = {Solving the $(n^2-1)$-Puzzle in Real Time with $\frac{8}{3}n^3$ Expected Moves},
  institution = {Laboratory for Recreational Computing, Dept. of Computer Science \& Engineering,
                 Univ.\ of North Texas},
  number = {LARC--2014--01},
  year = {2014},
  month={April},
 }

@article{Parberry2014Short15Puzzle,
  author = {Parberry, Ian},
  title = {A Memory-Efficient Method for Fast Computation of Short 15-Puzzle Solutions},
  journal = {IEEE Transactions on Computational Intelligence and AI in Games},
  year = {To Appear},
 }

@techreport{Parberry2013TRAmortizedNoise,
  author = {Parberry, Ian},
  title = {Amortized Noise},
  institution = {Laboratory for Recreational Computing, Dept. of Computer Science \& Engineering,
                 Univ.\ of North Texas},
  number = {LARC--2013--03},
  year = {2013},
  month={September},
 }

@article{Parberry2014AmortizedNoise,
  author = {Parberry, Ian},
  title = {Amortized Noise},
   journal = {Journal of Computer Graphics Techniques},
	volume = 3, 
	number = 2, 
	pages = {31--47},
  year = {2014},
 }

@article{Parberry2014Procedural,
   author  = {Ian Parberry},
   title   = {Designer Worlds: Procedural Generation of Infinite Terrain from Real-World Elevation Data},
   year    = {2014},
   day     = {11},
   journal = {Journal of Computer Graphics Techniques},
   volume  = {3},
   number  = {1},
   pages   = {74--85},
   url     = {http://jcgt.org/published/0003/01/04/},
   issn    = {2331-7418}
} 

@inproceedings{AmarasingheParberry2013Melting,
  author = {Amarasinghe, Dhanyu and Parberry, Ian},
  title = {Real-time Rendering of Melting Objects in Video Games},
  booktitle = {Proceedings of the 18th International Conference on Computer Games},
  location = {Louisville, KY},
  pages = {154--158},
  year = 2013
}

@inproceedings{AmarasingheParberry2013Solid,
  author = {Amarasinghe, Dhanyu and Parberry, Ian},
  title = {Real-time Rendering of Burning Solid Objects in Video Games},
  booktitle = {Proceedings of the 18th International Conference on Computer Games},
  location = {Louisville, KY},
  pages = {139--143},
  year = 2013
}

@article{DoranParberry2012Economies,
  author = {Doran, Jonathon and Parberry, Ian},
  title = {Emergent Economies for Role Playing Games},
  journal = {International Journal of Intelligent Games and Simulation},
  volume = 7,
  number = 1,
  pages = {35--47},
  year = 2012
}

% This file was created with JabRef 2.7.2.
% Encoding: Cp1252

@INPROCEEDINGS{AmarasingheParberry2011Fire,
  author = {Amarasinghe, Dhanyu and Parberry, Ian},
  title = {Fast, Believable Real-time Rendering of Burning Low-Polygon Objects
	in Video Games},
  booktitle = {Proceedings of the 6th International North American Conference on
	Intelligent Games and Simulation ({GAMEON-NA)}},
  year = {2011},
  pages = {21-26},
  publisher = {{EUROSIS}},
  location = {Troy NY}
}

@INPROCEEDINGS{AmarasingheParberry2011FireBordeaux,
  author = {Amarasinghe, Dhanyu and Parberry, Ian},
  title = {Towards Fast, Believable Real-time Rendering of Burning Objects in
	Video Games},
  booktitle = {Proceedings of the 6th Annual International Conference on the Foundations
	of Digital Games},
  year = {2011},
  pages = {256-258},
  month = {July},
  location = {Bordeaux, France}
}

@INPROCEEDINGS{DoranParberry2011PCGQuestGen,
  author = {Doran, Jonathan and Parberry, Ian},
  title = {A Prototype Quest Generator Based on a Structural Analysis of Quests
	from Four {MMORPG}s},
  booktitle = {Proceedings of the Second International Workshop on Procedural Content
	Generation in Games},
  year = {2011},
  pages = {1--8},
  month = {July},
  city = {Bordeaux, France}
}

@ARTICLE{Doran2010Terrain,
  author = {Jonathon Doran and Ian Parberry},
  title = {Controlled Procedural Terrain Generation Using Software Agents},
  journal = {IEEE Transactions on Computational Intelligence and AI in Games},
  year = {2010},
  volume = {2},
  pages = {111--119},
  number = {2},
  publisher = {IEEE}
}

@book{Parberry2013GamePhysics,
author = {Ian Parberry},
title = {Introduction to Game Physics with Box2D},
publisher = {A.K. Peters},
year = 2013
}

@BOOK{ParberryDunn2011,
  title = {{3D} Math Primer for for Graphics and Game Development},
  publisher = {A.K. Peters},
  year = {2011},
  author = {Fletcher Dunn and Ian Parberry},
  edition = {Second}
}

@BOOK{ParberryDunn2002,
  title = {{3D} Math Primer for Graphics and Game Development},
  publisher = {Wordware},
  year = {2002},
  author = {Fletcher Dunn and Ian Parberry}
}

@INPROCEEDINGS{martinparberry2006,
  author = {Criss Martin and Ian Parberry},
  title = {Real Time Dynamic Wind Calculation for a Pressure Driven Wind System},
  booktitle = {Proceedings of the 2006 ACM SIGGRAPH Video Game Symposium},
  year = {2006},
  pages = {151--154},
  city = {Boston, MA}
}

@INPROCEEDINGS{Parberry1995,
  author = {Ian Parberry},
  title = {The Internet and the Aspiring Games Programmer},
  booktitle = {Proceedings of {DAGS} 95: Electronic Publishing and the Information
	Superhighway},
  year = {1995},
  editor = {James Ford and Fillia Makedon and Samuel Rebelsky},
  pages = {155--159},
  publisher = {Birkhauser},
  location = {Boston, MA}
}

@ARTICLE{Parberry2011education,
  author = {Ian Parberry},
  title = {Challenges and Opportunities in the Design of Game Programming Classes
	for a Traditional Computer Science Curriculum},
  journal = {Journal of Game Design and Development Education},
  year = {2011},
  volume = {1},
  pages = {1--17}
}

@ARTICLE{Parberry2007Mainstream,
  author = {Ian Parberry},
  title = {Game Development in Computer Science Education: From Outcast to Mainstream},
  journal = {Journal of Game Development},
  year = {2007},
  volume = {2},
  pages = {5--6},
  number = {2}
}

@BOOK{Parberry2001,
  title = {Introduction to Computer Game Programming with {DirectX} 8.0},
  publisher = {Wordware},
  year = {2001},
  author = {Ian Parberry}
}

@BOOK{Parberry2000,
  title = {Learn Computer Game Programming with {DirectX} 7.0},
  publisher = {Wordware},
  year = {2000},
  author = {Ian Parberry}
}

@INPROCEEDINGS{PKR2006,
  author = {Parberry, Ian and Kazemzadeh, Max B. and Roden, Timothy},
  title = {The art and science of game programming},
  booktitle = {SIGCSE '06: Proceedings of the 37th SIGCSE Technical Symposium on
	Computer Science Education},
  year = {2006},
  pages = {510--514},
  address = {New York, NY, USA},
  publisher = {ACM},
  location = {Houston, Texas, USA}
}

@INPROCEEDINGS{ParberrrySAGE2007,
  author = {Ian Parberry and Jeremy R. Nunn and Joseph Scheinberg and Erik Carson
	and Jason Cole},
  title = {{SAGE}: A Simple Academic Game Engine},
  booktitle = {Proceedings of the Second Annual Microsoft Academic Days on Game
	Development in Computer Science Education},
  year = {2007},
  pages = {90--94}
}

@INPROCEEDINGS{PRK2005,
  author = {Parberry, Ian and Roden, Timothy and Kazemzadeh, Max B.},
  title = {Experience with an industry-driven capstone course on game programming},
  booktitle = {SIGCSE '05: Proceedings of the 36th SIGCSE Technical Symposium on
	Computer Science Education},
  year = {2005},
  pages = {91--95},
  address = {New York, NY, USA},
  publisher = {ACM},
  location = {St. Louis, Missouri, USA}
}

@INPROCEEDINGS{rodenparberry2005,
  author = {Timothy Roden and Ian Parberry},
  title = {Clouds and Stars: Efficient Real-Time Procedural Sky Rendering Using
	{3D} Hardware},
  booktitle = {Proceedings of the 2005 ACM SIGCHI International Conference on Advances
	in Computer Entertainment Technology},
  year = {2005},
  pages = {434--437},
  city = {Valencia, Spain}
}

@INPROCEEDINGS{rodenparberry2005a,
  author = {Timothy Roden and Ian Parberry},
  title = {Procedural Level Generation},
  booktitle = {Game Programming Gems 5},
  year = {2005},
  pages = {579-588},
  publisher = {Charles River Media}
}

@ARTICLE{RodenParberryPortholes2005,
  author = {Timothy Roden and Ian Parberry},
  title = {Portholes and Planes: Faster Dynamic Evaluation of Potentially Visible
	Sets},
  journal = {ACM Computers in Entertainment},
  year = {2005},
  volume = {3},
  number = {2}
}

@INPROCEEDINGS{rodenparberry2004,
  author = {Timothy Roden and Ian Parberry},
  title = {From Artistry to Automation: {A} Structured Methodology for Procedural
	Content Creation},
  booktitle = {Proceedings of the 3rd International Conference on Entertainment
	Computing},
  year = {2004},
  pages = {151--156},
  city = {Eindhoven, The Netherlands}
}

@INPROCEEDINGS{RodenParberryPortholes2004,
  author = {Timothy Roden and Ian Parberry},
  title = {Portholes and Planes: Faster Dynamic Evaluation of Potentially Visible
	Sets},
  booktitle = {Proceedings of the International Workshop in Game Design and Technology},
  year = {2004},
  pages = {108--112},
  city = {Liverpool, England}
}

@ARTICLE{RodenParberryAudio2007,
  author = {Timothy Roden and Ian Parberry and David Ducrest},
  title = {Toward Mobile Entertainment: A Paradigm for Narrative-Based Audio
	Only Games},
  journal = {Science of Computer Programming},
  year = {2007},
  volume = {67},
  pages = {76--90},
  number = {1}
}

@INPROCEEDINGS{RodenParberryAudio2005,
  author = {Timothy Roden and Ian Parberry and David Ducrest},
  title = {Toward Mobile Entertainment: A Paradigm for Narrative-Based Audio
	Only Games},
  booktitle = {Proceedings of the 2005 ACM SIGCHI International Conference on Advances
	in Computer Entertainment Technology},
  year = {2005},
  pages = {274--277},
  city = {Valencia, Spain}
}

@INPROCEEDINGS{TaylorParberry2011Clutter,
  author = {Taylor, Joshua and Parberry, Ian},
  title = {Randomness + Structure = Clutter: {A} Procedural Object Placement
	Generator Using {P}etri Nets},
  booktitle = {Proceedings of the 10th International Conference on Entertainment
	Computing},
  year = {2011},
  pages = {424--427},
  month = {October},
  city = {Vancouver, Canada}
}

@INPROCEEDINGS{TaylorParberry2011SokobanGameOn,
  author = {Taylor, Joshua and Parberry, Ian},
  title = {Procedural Generation of {S}okoban Levels},
  booktitle = {{Proceedings of the 6th International North American Conference on
	Intelligent Games and Simulation ({GAMEON-NA)}}},
  year = {2011},
  pages = {5--12},
  publisher = {{EUROSIS}},
  location = {Troy NY}
}

@INPROCEEDINGS{WolzGames2006,
  author = {Wolz, Ursula and Barnes, Tiffany and Parberry, Ian and Wick, Michael},
  title = {Digital gaming as a vehicle for learning},
  booktitle = {SIGCSE '06: Proceedings of the 37th SIGCSE Technical Symposium on
	Computer Science Education},
  year = {2006},
  pages = {394--395},
  address = {New York, NY, USA},
  publisher = {ACM},
  isbn = {1-59593-259-3},
  location = {Houston, Texas, USA}
}

@INPROCEEDINGS{YingstAlfordParberry2011FoamGameOn,
  author = {Mary Yingst and Jennifer R. Alford and Ian Parberry},
  title = {Very Fast Real-Time Ocean Wave Foam Rendering Using Halftoning},
  booktitle = {{Proceedings of the 6th International North American Conference on
	Intelligent Games and Simulation ({GAMEON-NA)}}},
  year = {2011},
  pages = {27-34},
  publisher = {{EUROSIS}},
  location = {Troy NY}
}



